<?xml version="1.0" encoding="UTF-8"?><collection xmlns="http://www.loc.gov/MARC21/slim"><record><leader>00390nam--2200145-i-4500</leader><controlfield tag="001">000001807</controlfield><controlfield tag="002">20161230</controlfield><controlfield tag="005">20170125143445</controlfield><controlfield tag="008">060222s1000------------r-----000-0-eng-d</controlfield><datafield ind1=" " ind2=" " tag="100"><subfield code="a">Glasford, Glenn M</subfield></datafield><datafield ind1=" " ind2=" " tag="245"><subfield code="a">Linear analysis of electronic circuits</subfield></datafield><datafield ind1=" " ind2=" " tag="260"><subfield code="a">Reading/Mass</subfield><subfield code="b">Addison-Wesley Publ.Co.,Inc</subfield><subfield code="c">1965</subfield></datafield><datafield ind1=" " ind2=" " tag="300"><subfield code="a">XII + 580 p</subfield></datafield><datafield ind1=" " ind2=" " tag="852"><subfield code="a">22121</subfield></datafield><datafield ind1=" " ind2=" " tag="CAT"><subfield code="a">SYS</subfield><subfield code="c">20170125</subfield><subfield code="h">143445</subfield></datafield></record></collection>